@article{1,
	author = "MIT Technology Review and Vigilant",
	day = "7",
	journal = "MIT Technology Review",
	month = oct,
	title = "{Navigating Planet Ad Tech: A Guide for Marketers}",
	url = "https://www.technologyreview.com/s/519991/navigating-planet-ad-tech/",
	year = "2013"
}

@book{2,
	author = "T. H.; Beck J. C. Davenport",
	isbn = "978-1578514410",
	publisher = "Harvard Business School Press",
	title = "{The Attention Economy: Understanding the New Currency of Business}",
	year = "2001"
}

@techreport{Gartner1,
      title="{Gartner CMO Spend Survey 2016-2017 Shows Marketing Budgets Continue to Climb}",
      institution="{Gartner Research}",
      month=dec,
      day="12",
      year="2016",
      author="Chris Pemberton",
url="https://www.gartner.com/smarterwithgartner/gartner-cmo-spend-survey-2016-2017-shows-marketing-budgets-continue-to-climb/"
}

@misc{3,
	author = "Wikipedia",
	note = "[Online; accessed 22-January-2017]",
	title = "{AIDA (marketing)}",
	url = "https://en.wikipedia.org/wiki/AIDA_(marketing)",
	year = "2017"
}